@misc{GCP,
title="Google Cloud Platform",
year={2008},
howpublished={\url{https://cloud.google.com/}}
}
@misc{PRADO,
title="Material de la asignatura",
year={2020},
howpublished={\url{https://pradogrado1920.ugr.es/}}
}
@misc{QuickLabs,
title="Tutoriales interactivos",
year={2016},
howpublished={\url{https://www.qwiklabs.com/quests/23?locale=es}}
}
